<collection xmlns="http://www.loc.gov/MARC21/slim">
<record>
  <leader>01852nam0a22003611i 450 </leader>
  <controlfield tag="001">IT\ICCU\CNCE\049808</controlfield>
  <controlfield tag="005">20111108000000.0</controlfield>
  <datafield tag="012" ind1=" " ind2=" ">
    <subfield code="a">r.is n-i- s.m, plap (C) 1564 (R)</subfield>
    <subfield code="2">fei</subfield>
  </datafield>
  <datafield tag="100" ind1=" " ind2=" ">
    <subfield code="a">19991125d1564        0itac0103    ba</subfield>
  </datafield>
  <datafield tag="101" ind1=" " ind2=" ">
    <subfield code="a">LAT</subfield>
  </datafield>
  <datafield tag="102" ind1=" " ind2=" ">
    <subfield code="a">IT</subfield>
  </datafield>
  <datafield tag="200" ind1="1" ind2=" ">
    <subfield code="a">Sphaera Ioannis de Sacrobusto. Addita sunt ad explanationem eorum quae in Sphaera dicuntur facientia</subfield>
  </datafield>
  <datafield tag="210" ind1=" " ind2=" ">
    <subfield code="d">Venetiis</subfield>
    <subfield code="e">Venetiis</subfield>
    <subfield code="g">apud Franciscum Rampazetum</subfield>
    <subfield code="h">1564</subfield>
  </datafield>
  <datafield tag="215" ind1=" " ind2=" ">
    <subfield code="a">\32! c.</subfield>
    <subfield code="c">ill.</subfield>
    <subfield code="d">8ʻ</subfield>
  </datafield>
  <datafield tag="620" ind1=" " ind2=" ">
    <subfield code="a">IT</subfield>
    <subfield code="d">Venezia</subfield>
  </datafield>
  <datafield tag="700" ind1=" " ind2="1">
    <subfield code="a">Sacrobosco,</subfield>
    <subfield code="b">Ioannes : de</subfield>
    <subfield code="3">IT\ICCU\CNCA\003084</subfield>
  </datafield>
  <datafield tag="712" ind1="0" ind2="0">
    <subfield code="a">Rampazetto, Francesco</subfield>
    <subfield code="c"> &lt;1.&gt;</subfield>
    <subfield code="3">IT\ICCU\CNCT\000034</subfield>
    <subfield code="4">650</subfield>
  </datafield>
  <datafield tag="790" ind1=" " ind2="0">
    <subfield code="a">Ioannes</subfield>
    <subfield code="c"> : de#Sacro Busto</subfield>
    <subfield code="3">IT\ICCU\CNCA\006663</subfield>
    <subfield code="z">Sacrobosco, Ioannes : de</subfield>
  </datafield>
  <datafield tag="790" ind1=" " ind2="1">
    <subfield code="a">Holywood,</subfield>
    <subfield code="b">John</subfield>
    <subfield code="3">IT\ICCU\CNCA\008481</subfield>
    <subfield code="z">Sacrobosco, Ioannes : de</subfield>
  </datafield>
  <datafield tag="790" ind1=" " ind2="0">
    <subfield code="a">Ioannes</subfield>
    <subfield code="c"> : de#Sacro Bosco</subfield>
    <subfield code="3">IT\ICCU\CNCA\008770</subfield>
    <subfield code="z">Sacrobosco, Ioannes : de</subfield>
  </datafield>
  <datafield tag="790" ind1=" " ind2="1">
    <subfield code="a">Sacrobosco,</subfield>
    <subfield code="b">Giovanni : di</subfield>
    <subfield code="3">IT\ICCU\CNCA\014719</subfield>
    <subfield code="z">Sacrobosco, Ioannes : de</subfield>
  </datafield>
  <datafield tag="790" ind1=" " ind2="0">
    <subfield code="a">Ioannes</subfield>
    <subfield code="c"> : de#Sacro Busco</subfield>
    <subfield code="3">IT\ICCU\CNCA\023932</subfield>
    <subfield code="z">Sacrobosco, Ioannes : de</subfield>
  </datafield>
  <datafield tag="790" ind1=" " ind2="1">
    <subfield code="a">Sacrobusto,</subfield>
    <subfield code="b">Giovanni</subfield>
    <subfield code="3">IT\ICCU\CNCA\023933</subfield>
    <subfield code="z">Sacrobosco, Ioannes : de</subfield>
  </datafield>
  <datafield tag="791" ind1="0" ind2="2">
    <subfield code="a">Rampazzetto Francesco</subfield>
    <subfield code="3">IT\ICCU\CNCT\005286</subfield>
    <subfield code="z">Rampazetto, Francesco &lt;1.&gt;</subfield>
  </datafield>
  <datafield tag="791" ind1="0" ind2="0">
    <subfield code="a">Rampazetus, Franciscus</subfield>
    <subfield code="3">IT\ICCU\CNCT\005287</subfield>
    <subfield code="z">Rampazetto, Francesco &lt;1.&gt;</subfield>
  </datafield>
  <datafield tag="801" ind1=" " ind2="3">
    <subfield code="a">IT</subfield>
    <subfield code="b">ICCU</subfield>
    <subfield code="c">20201115</subfield>
  </datafield>
  <datafield tag="899" ind1=" " ind2=" ">
    <subfield code="a">Biblioteca civica A. Mai. Bergamo</subfield>
    <subfield code="1">BG0026</subfield>
    <subfield code="2">LO1 02</subfield>
  </datafield>
  <datafield tag="899" ind1=" " ind2=" ">
    <subfield code="a">Biblioteca nazionale centrale. Firenze</subfield>
    <subfield code="1">FI0098</subfield>
    <subfield code="2">CFI CF</subfield>
  </datafield>
  <datafield tag="899" ind1=" " ind2=" ">
    <subfield code="a">Biblioteca provinciale dei frati minori cappuccini Madonna di Pompei. Messina</subfield>
    <subfield code="1">ME0179</subfield>
    <subfield code="2">MES FC</subfield>
  </datafield>
  <datafield tag="899" ind1=" " ind2=" ">
    <subfield code="a">Biblioteca universitaria. Padova</subfield>
    <subfield code="1">PD0158</subfield>
    <subfield code="2">PUV 00</subfield>
  </datafield>
  <datafield tag="899" ind1=" " ind2=" ">
    <subfield code="a">Biblioteca Palatina. Parma</subfield>
    <subfield code="1">PR0072</subfield>
    <subfield code="2">PAR PA</subfield>
  </datafield>
  <datafield tag="899" ind1=" " ind2=" ">
    <subfield code="a">Biblioteca Oliveriana. Pesaro</subfield>
    <subfield code="1">PU0061</subfield>
    <subfield code="2">URB OL</subfield>
  </datafield>
  <datafield tag="899" ind1=" " ind2=" ">
    <subfield code="a">Biblioteca civica Bertoliana. Vicenza</subfield>
    <subfield code="1">VI0096</subfield>
    <subfield code="2">VIA BE</subfield>
  </datafield>
</record>
</collection>
